<?xml version="1.0" encoding="UTF-8" standalone="yes"?>
<bibs total_record_count="1">
    <bib>
        <mms_id>99227515106421</mms_id>
        <record_format>marc21</record_format>
        <linked_record_id/>
        <title>The Lost dimension</title>
        <author>Virilio, Paul</author>
        <isbn>9781570270444</isbn>
        <network_numbers>
            <network_number>(OCoLC)ocn874143056</network_number>
            <network_number>(OCoLC)874143056</network_number>
        </network_numbers>
        <place_of_publication>New York :</place_of_publication>
        <date_of_publication>1991</date_of_publication>
        <publisher_const>Semiotext(e),</publisher_const>
        <holdings link="https://api-na.hosted.exlibrisgroup.com/almaws/v1/bibs/99227515106421/holdings"/>
        <created_by>AlmaAdmin</created_by>
        <created_date>2020-07-31Z</created_date>
        <last_modified_by>AlmaAdmin</last_modified_by>
        <last_modified_date>2020-07-31Z</last_modified_date>
        <suppress_from_publishing>false</suppress_from_publishing>
        <suppress_from_external_search>false</suppress_from_external_search>
        <sync_with_oclc>BIBS</sync_with_oclc>
        <sync_with_libraries_australia>NONE</sync_with_libraries_australia>
        <originating_system>WorldCat</originating_system>
        <originating_system_id>ocn874143056</originating_system_id>
        <cataloging_level desc="Default Level">00</cataloging_level>
        <record>
            <leader>01185cam a2200361Mc 4500</leader>
            <controlfield tag="001">99227515106421</controlfield>
            <controlfield tag="005">20200731113605.0</controlfield>
            <controlfield tag="008">140323s1991    nyu           000 0 eng d</controlfield>
            <datafield ind1=" " ind2=" " tag="020">
                <subfield code="a">1570270449</subfield>
            </datafield>
            <datafield ind1=" " ind2=" " tag="020">
                <subfield code="a">9781570270444</subfield>
            </datafield>
            <datafield ind1="1" ind2=" " tag="029">
                <subfield code="a">DKDLA</subfield>
                <subfield code="b">820080-katalog:000002021</subfield>
            </datafield>
            <datafield ind1="1" ind2=" " tag="029">
                <subfield code="a">DKDLA</subfield>
                <subfield code="b">830080-katalog:000144571</subfield>
            </datafield>
            <datafield ind1="1" ind2=" " tag="029">
                <subfield code="a">DKDLA</subfield>
                <subfield code="b">800010-katalog:99122574448905763</subfield>
            </datafield>
            <datafield ind1=" " ind2=" " tag="035">
                <subfield code="a">(OCoLC)874143056</subfield>
            </datafield>
            <datafield ind1=" " ind2=" " tag="035">
                <subfield code="a">(OCoLC)ocn874143056</subfield>
            </datafield>
            <datafield ind1=" " ind2=" " tag="040">
                <subfield code="a">DKDLA</subfield>
                <subfield code="b">dan</subfield>
                <subfield code="c">DKDLA</subfield>
                <subfield code="d">OCLCQ</subfield>
                <subfield code="d">OCLCO</subfield>
                <subfield code="d">OCLCF</subfield>
                <subfield code="d">OCLCQ</subfield>
                <subfield code="d">OCLCO</subfield>
                <subfield code="d">OCLCQ</subfield>
                <subfield code="d">OCLCO</subfield>
            </datafield>
            <datafield ind1="0" ind2="4" tag="245">
                <subfield code="a">The Lost dimension</subfield>
            </datafield>
            <datafield ind1=" " ind2=" " tag="260">
                <subfield code="a">New York :</subfield>
                <subfield code="b">Semiotext(e),</subfield>
                <subfield code="c">1991</subfield>
            </datafield>
            <datafield ind1=" " ind2=" " tag="300">
                <subfield code="a">146 s. ;</subfield>
                <subfield code="c">23 cm</subfield>
            </datafield>
            <datafield ind1=" " ind2=" " tag="336">
                <subfield code="a">tekst</subfield>
                <subfield code="b">txt</subfield>
                <subfield code="2">rdacontent/dan</subfield>
            </datafield>
            <datafield ind1=" " ind2=" " tag="337">
                <subfield code="a">umedieret</subfield>
                <subfield code="b">n</subfield>
                <subfield code="2">rdamedia/dan</subfield>
            </datafield>
            <datafield ind1=" " ind2=" " tag="500">
                <subfield code="a">Originaltitel: L'Espace critique</subfield>
            </datafield>
            <datafield ind1=" " ind2="0" tag="650">
                <subfield code="a">Space and time.</subfield>
            </datafield>
            <datafield ind1=" " ind2="0" tag="650">
                <subfield code="a">Astronautics and civilization.</subfield>
            </datafield>
            <datafield ind1=" " ind2="4" tag="650">
                <subfield code="a">arkitekturteori</subfield>
            </datafield>
            <datafield ind1=" " ind2="4" tag="650">
                <subfield code="a">kulturkritik</subfield>
            </datafield>
            <datafield ind1=" " ind2="4" tag="650">
                <subfield code="a">filosofi</subfield>
            </datafield>
            <datafield ind1=" " ind2="7" tag="650">
                <subfield code="a">Astronautics and civilization</subfield>
                <subfield code="2">fast</subfield>
                <subfield code="0">(OCoLC)fst00819574</subfield>
            </datafield>
            <datafield ind1=" " ind2="7" tag="650">
                <subfield code="a">Space and time</subfield>
                <subfield code="2">fast</subfield>
                <subfield code="0">(OCoLC)fst01127622</subfield>
            </datafield>
            <datafield ind1="1" ind2=" " tag="700">
                <subfield code="a">Virilio, Paul</subfield>
            </datafield>
            <datafield ind1=" " ind2=" " tag="900">
                <subfield code="a">Copied from WorldCat</subfield>
            </datafield>
            <datafield ind1=" " ind2=" " tag="948">
                <subfield code="h">NO HOLDINGS IN PUL - 2 OTHER HOLDINGS</subfield>
            </datafield>
            <datafield ind1=" " ind2=" " tag="994">
                <subfield code="a">Z0</subfield>
                <subfield code="b">PUL</subfield>
            </datafield>
            <datafield ind1=" " ind2=" " tag="INT">
                <subfield code="a">P</subfield>
            </datafield>
            <datafield ind1=" " ind2=" " tag="INST">
                <subfield code="a">01PRI_INST</subfield>
            </datafield>
            <datafield ind1=" " ind2=" " tag="AVA">
                <subfield code="0">99227515106421</subfield>
                <subfield code="8">2284011070006421</subfield>
                <subfield code="a">01PRI_INST</subfield>
                <subfield code="b">MAIN</subfield>
                <subfield code="c">Stacks</subfield>
                <subfield code="d">PN1993.I</subfield>
                <subfield code="e">check_holdings</subfield>
                <subfield code="j">main</subfield>
                <subfield code="k">0</subfield>
                <subfield code="p">1</subfield>
                <subfield code="q">Main Library</subfield>
            </datafield>
        </record>
        <requests>0</requests>
    </bib>
</bibs>